@article{louca_extant_2020,
	title = {Extant timetrees are consistent with a myriad of diversification histories},
	volume = {580},
	copyright = {2020 The Author(s), under exclusive licence to Springer Nature Limited},
	issn = {1476-4687},
	url = {http://www.nature.com/articles/s41586-020-2176-1},
	doi = {10.1038/s41586-020-2176-1},
	abstract = {An infinite number of alternative\&nbsp;diversification scenarios—which may have markedly different, but equally plausible, dynamics—can underpin a given time-calibrated phylogeny of extant species, suggesting many previous studies have over-interpreted phylogenetic evidence.},
	language = {en},
	number = {7804},
	urldate = {2020-04-22},
	journal = {Nature},
	author = {Louca, Stilianos and Pennell, Matthew W.},
	month = apr,
	year = {2020},
	note = {Number: 7804
Publisher: Nature Publishing Group},
	pages = {502--505},
	file = {Full Text PDF:/Users/theo/Zotero/storage/LKWZU3D7/Louca and Pennell - 2020 - Extant timetrees are consistent with a myriad of d.pdf:application/pdf;Louca and Pennell - 2020 - Extant timetrees are consistent with a myriad of d.pdf:/Users/theo/Zotero/storage/X5DHVCF7/Louca and Pennell - 2020 - Extant timetrees are consistent with a myriad of d.pdf:application/pdf;Snapshot:/Users/theo/Zotero/storage/HASTENDF/s41586-020-2176-1.html:text/html}
}

@article{morlon_reconciling_2011,
	title = {Reconciling molecular phylogenies with the fossil record},
	volume = {108},
	issn = {0027-8424, 1091-6490},
	url = {http://www.pnas.org/cgi/doi/10.1073/pnas.1102543108},
	doi = {10.1073/pnas.1102543108},
	language = {en},
	number = {39},
	urldate = {2018-08-15},
	journal = {Proceedings of the National Academy of Sciences},
	author = {Morlon, H. and Parsons, T. L. and Plotkin, J. B.},
	month = sep,
	year = {2011},
	pages = {16327--16332},
	file = {Morlon et al. - 2011 - Reconciling molecular phylogenies with the fossil .pdf:/Users/theo/Zotero/storage/DGWV6EM6/Morlon et al. - 2011 - Reconciling molecular phylogenies with the fossil .pdf:application/pdf}
}

@book{otto_biologists_2007,
	title = {A {Biologist}'s {Guide} to {Mathematical} {Modeling} in {Ecology} and {Evolution}},
	isbn = {978-0-691-12344-8},
	url = {https://press.princeton.edu/books/hardcover/9780691123448/a-biologists-guide-to-mathematical-modeling-in-ecology-and-evolution},
	language = {en},
	urldate = {2020-07-20},
	publisher = {Princeton University Press},
	author = {Otto, Sarah P. and Day, Troy},
	month = mar,
	year = {2007},
	file = {Snapshot:/Users/theo/Zotero/storage/2HDZFUND/a-biologists-guide-to-mathematical-modeling-in-ecology-and-evolution.html:text/html}
}


@article{morlon2020,
	title = {Prior hypotheses or regularization allow inference of diversification histories from extant timetrees},
	author = {{Morlon}, {Hélène} and {Hartig}, {Florian} and {Robin}, {Stéphane}},
	year = {2020},
	month = {07},
	date = {2020-07-04},
	journal = {bioRxiv},
	pages = {2020.07.03.185074},
	doi = {10.1101/2020.07.03.185074},
	url = {https://www.biorxiv.org/content/10.1101/2020.07.03.185074v1},
	note = {Publisher: Cold Spring Harbor Laboratory
Section: Contradictory Results},
	langid = {en}
}

@article{helmstetter2021,
	title = {Pulled Diversification Rates, Lineages-Through-Time Plots and Modern Macroevolutionary Modelling},
	author = {{Helmstetter}, {Andrew J.} and {Glemin}, {Sylvain} and {Käfer}, {Jos} and {Zenil-Ferguson}, {Rosana} and {Sauquet}, {Hervé} and {Boer}, {Hugo de} and {Dagallier}, {Léo-Paul M. J.} and {Mazet}, {Nathan} and {Reboud}, {Eliette L.} and {Couvreur}, {Thomas L. P.} and {Condamine}, {Fabien L.}},
	year = {2021},
	month = {02},
	date = {2021-02-15},
	journal = {bioRxiv},
	pages = {2021.01.04.424672},
	doi = {10.1101/2021.01.04.424672},
	url = {https://www.biorxiv.org/content/10.1101/2021.01.04.424672v2},
	note = {Publisher: Cold Spring Harbor Laboratory
Section: Confirmatory Results},
	langid = {en}
}
